@article{Trump2016,
author = {Trump, Donald J.},
journal = {Journal of Complete and Utter Nonsense Talking},
number = {4},
pages = {131--139},
title = {{A title for a really great piece of research, just the best, really}},
volume = {36},
year = {2016}
}
